<?xml version="1.0" encoding="UTF-8"?><collection xmlns="http://www.loc.gov/MARC21/slim"><record><leader>00423nam--2200133-i-4500</leader><controlfield tag="001">000045823</controlfield><controlfield tag="002">20161230</controlfield><controlfield tag="005">20161230201045</controlfield><controlfield tag="008">060222s1000------------r-----000-0-eng-d</controlfield><datafield ind1=" " ind2=" " tag="080"><subfield code="a">015.538.122</subfield></datafield><datafield ind1=" " ind2=" " tag="100"><subfield code="a">Tu,Kiet</subfield></datafield><datafield ind1=" " ind2=" " tag="245"><subfield code="a">Stabilisation des ondes de derive par un champ magnetique presentant un cisaillement des lignes de force. these</subfield></datafield><datafield ind1=" " ind2=" " tag="260"><subfield code="a">Orsay, L`Univ.De Paris-sud, Centre D`Orsay, 1971. 102 P</subfield></datafield><datafield ind1=" " ind2=" " tag="852"><subfield code="a">38187</subfield></datafield></record></collection>